001  0000110
005  20170816153125.470
008  170622s||||     bl|||||||||||||||||por|u
020    $a9788567855028
040    $aPorto Alegre$bpor
100 1  $aBarbosa Júnior, Ademir
245 10 $aMitologia dos Orixás$blições e aprendizados$cAdemir Barbosa Júnior
260    $aSão Paulo$bAnúbis$c2014
300    $a138 p.
650    $aIorúbà
650    $aDeuses
650    $aOrixás
650    $aMitologia
